@misc{casperjs,
howpublished="\url{http://casperjs.org/}"
}

@misc{phantomjs,
howpublished="\url{http://phantomjs.org/}"
}

@misc{playerStats,
howpublished="\url{http://www.easycredit-bbl.de/de/statistiken/spieler/spieler-statistiken/}"
}

@misc{managerGame,
howpublished="\url{http://basketball.de/app/BBLManager}"
}

@misc{blogOpenjson,
howpublished="\url{https://blogs.msdn.microsoft.com/sqlserverstorageengine/2015/10/07/bulk-importing-json-files-into-sql-server/}"
}
